

%%% REFERENCIAS 


@article{haase1966kinetic,
  title={Kinetic reactions of alpha and beta lactose. II. Crystallization},
  author={Haase, G and Nickerson, TA},
  journal={Journal of dairy science},
  volume={49},
  number={7},
  pages={757--761},
  year={1966},
  publisher={Elsevier}
}
